<record><leader>00000cas a22000007a 4500</leader><controlfield tag="001">19080765</controlfield><controlfield tag="008">890130d19731973vauwr ne      0    0eng d</controlfield><datafield ind1=" " ind2=" " tag="010"><subfield code="a">sn 88065742 </subfield></datafield><datafield ind1=" " ind2=" " tag="040"><subfield code="a">MFN</subfield><subfield code="b">eng</subfield><subfield code="c">MFN</subfield><subfield code="d">OCLCQ</subfield></datafield><datafield ind1=" " ind2=" " tag="042"><subfield code="a">msc</subfield></datafield><datafield ind1=" " ind2="4" tag="050"><subfield code="a">AN41.64</subfield><subfield code="b">.J6</subfield></datafield><datafield ind1="0" ind2=" " tag="130"><subfield code="a">Journal (Bethesda/Chevy Chase/Potomac ed.)</subfield></datafield><datafield ind1="1" ind2="4" tag="245"><subfield code="a">The journal.</subfield></datafield><datafield ind1=" " ind2=" " tag="250"><subfield code="a">Bethesda/Chevy Chase/Potomac ed.</subfield></datafield><datafield ind1=" " ind2=" " tag="260"><subfield code="a">Alexandria, Va. :</subfield><subfield code="b">Journal Newspaper Inc.</subfield></datafield><datafield ind1=" " ind2=" " tag="300"><subfield code="a">v.</subfield></datafield><datafield ind1=" " ind2=" " tag="310"><subfield code="a">Weekly</subfield></datafield><datafield ind1="0" ind2=" " tag="362"><subfield code="a">Vol. 34, no. 23 (June 7, 1973)-v.34, no. 35 (Aug. 30, 1973).</subfield></datafield><datafield ind1=" " ind2=" " tag="515"><subfield code="a">Assumes the numbering of the Journal's other editions.</subfield></datafield><datafield ind1=" " ind2=" " tag="752"><subfield code="a">United States</subfield><subfield code="b">Virginia</subfield><subfield code="d">Alexandria.</subfield></datafield><datafield ind1=" " ind2=" " tag="752"><subfield code="a">United States</subfield><subfield code="b">Maryland</subfield><subfield code="c">Montgomery</subfield><subfield code="d">Bethesda.</subfield></datafield><datafield ind1=" " ind2=" " tag="752"><subfield code="a">United States</subfield><subfield code="b">Maryland</subfield><subfield code="c">Montgomery</subfield><subfield code="d">Chevy Chase.</subfield></datafield><datafield ind1=" " ind2=" " tag="752"><subfield code="a">United States</subfield><subfield code="b">Maryland</subfield><subfield code="c">Montgomery</subfield><subfield code="d">Potomac.</subfield></datafield><datafield ind1="0" ind2="7" tag="785"><subfield code="t">Journal (Silver Spring-Wheaton ed.)</subfield><subfield code="w">(DLC)sn 88065741</subfield></datafield><datafield ind1="0" ind2="7" tag="785"><subfield code="t">Montgomery journal (Chevy Chase, Md.)</subfield><subfield code="w">(DLC)sn 78000490</subfield></datafield></record>